@book{J/B:2022:tetkupf,
  title = {Jander / Blasius -- Anorganische Chemie II},
  author = {Eberhard Schweda},
  year = {2022},
  publisher = {S. Hirzel Verlag},
  address = {Stuttgart},
  pages = {354},
  edition = {18},
  isbn = {978-3-7776-3010-6},
}

@book{brauer1965handbook,
  title = {Handbook of Preparative Inorganic Chemistry},
  author = {Georg Brauer},
  year = {1965},
  publisher = {Academic Press},
  address = {New York},
  edition = {2},
  number = {Bd. 2},
  pages = {1021},
  isbn = {978-0-12-395590-6},
}

@article{issn:coppercomplexes,
  author = {Garba, Hassan and Abubakar, Kasimu and Abdullahi, Mohammad and Watanpal, Rooshan},
  year = {2020},
  month = {10},
  pages = {},
  title = {Synthesis, Spectroscopy Study of Copper (II) Sulphate Pentahydrate, Tetra-Amminocopper (II) Sulphate and Bis-Ethylenediamine Copper (II) Sulphate in the Catalytic Reduction of Nitrophenol Derivatives}
}

@article{Singh:a12030,
  author = {Singh, P. and Hodgson, D. J.},
  title = {The crystal structure of 8-aza-2,6-diaminopurine sulfate monohydrate},
  journal = {Acta Crystallographica Section B},
  year = {1975},
  volume = {31},
  number = {3},
  pages = {845--851},
  month = {Mar},
  doi = {10.1107/S0567740875003913},
  url = {https://doi.org/10.1107/S0567740875003913},
}
@book{meyer1905meyers,
  title={Meyers Grosses Konversations-Lexikon},
  author={Meyer, H.J.},
  number={Bd. 11},
  edition={6},
  lccn={08030278},
  url={https://books.google.de/books?id=MEAWAAAAYAAJ},
  year={1905},
  publisher={Bibliographisches Institut},
  pages = {845--856}
}

@book{brockhaus,
  title = {Brockhaus der Naturwissenschaften und der Technik},
  edition = {4},
  address = {Wiesbaden},
  year = {1958},
  pages = {325},
  publisher = {S. F.A. Brockhaus Verlag}
}

@book{vogel,
  author = {Vogel, A. I.},
  title = {Vogel's Textbook of Practical Organic Chemistry},
  edition = {5},
  year = {1996},
  isbn = {978-0-582-46236-6},
  publisher = {Longman Scientific \& Technical},
  pages = {33},
  address = {London}
}
